@string{AGU = "Amer. Geophys. Union"}
@string{AnnRev = "Ann. Rev. Fluid Mech."}
@string{CMP = "Contrib. Mineral. Petrol."}
@string{EOS = "EOS Transactions of the American Geophysical Union"}
@string{EPSL = "Earth Planet. Sci. Lett."}
@string{GCA = "Geochim. Cosmochim. Acta"}
@string{GJI = "Geophys. J. Int."}
@string{GJRAS = "Geophys. J. Roy. Astron. Soc."}
@string{GAFD = "Geophys. Astrophys. Fluid Dyn."}
@string{GRL = "Geophys. Res. Lett."}
@string{G3 = "Geochem. Geophys. Geosyst."}
@string{JFM = "J. Fluid Mech."}
@string{JGR = "J. Geophys. Res.--Solid Earth"}
@string{JGeol = "J. Geology"}
@string{JPet = "J. Petrol."}
@string{JCompPhys = "J. Comp. Phys."}
@string{PEPI  = "Phys. Earth Planet. Int."}
@string{PhilTrans  = "Phil. Trans. Roy. Soc. Lond. A"}
@string{PhilTransB  = "Phil. Trans. Roy. Soc. Lond. B"}
@string{SIAMComput = "SIAM J. Sci. Stat. Comput."}
@string{Tect = "Tectonophys."}
@string{Heat = "J. Heat Transfer"}
@string{ChemGeol = "Chem. Geol."}

@Article{aharonov95,
  author =	 {E. Aharonov and J.A. Whitehead and P.B. Kelemen and
                  M. Spiegelman},
  journal =	 JGR,
  title =	 {Channeling Instability Of Upwelling Melt In The
                  Mantle},
  pages =	 {20433--20450},
  volume =	 100,
  year =	 1995,
}

@Article{ahern79,
  author =	 {J.L. Ahern and D.L. Turcotte},
  journal =	 EPSL,
  title =	 {Magma Migration Beneath An Ocean Ridge},
  pages =	 {115--122},
  volume =	 45,
  year =	 1979,
}

@article{albers00,
  author =	 {M. Albers},
  journal =	 JCompPhys,
  title =	 {A Local Mesh Refinement Multigrid Method for 3-D
                  Convection Problems with Strongly Variable
                  Viscosity},
  number =	 1,
  pages =	 {126--150},
  volume =	 160,
  year =	 2000,
  doi =		 {10.1006/jcph.2000.6438}
}

@Book{alexiades93,
  author =	 {V. Alexiades and A.D. Solomon},
  title =	 {Mathematical Modeling of Melting and Freezing
                  Processes},
  publisher =	 {Hemisphere Publishing Corporation},
  year =	 1993,
}

@article{allegre86,
  author =	 {All\`{e}gre, Claude J. and Turcotte, Donald L},
  title =	 {{Implications of a two-component marble-cake
                  mantle}},
  journal =	 {Nature},
  year =	 1986,
  volume =	 323,
  number =	 6084,
  pages =	 {123--127},
}

@article{asimow97,
  author =	 {Asimow, P.D. and Hirschmann, M.M. and Stolper, E.M.},
  title =	 {An analysis of variations in isentropic melt
                  productivity},
  journal =	 PhilTrans,
  year =	 1997,
  volume =	 355,
  number =	 1723,
  pages =	 {255--281},
}

@article{asimow99,
  author =	 {Asimow, P.D. and Stolper, E.M.},
  title =	 {Steady-state mantle-melt interactions in one
                  dimension: {I}. {E}quilibrium transport and melt
                  focusing},
  journal =	 JPet,
  year =	 1999,
  volume =	 40,
  number =	 3,
  pages =	 {475--494}
}

@article{barcilon89,
  author =	 {Barcilon, V. and Lovera, O.},
  title =	 {Solitary waves in magma dynamics},
  journal =	 JFM,
  volume =	 204,
  pages =	 {121-133},
  year =	 1989
}

@Book{batchelor67,
  author =	 {G.K. Batchelor},
  title =	 {An Introduction to Fluid Mechanics},
  publisher =	 {Cambridge University Press},
  year =	 1967,
}

@Book{bear72,
  author =	 {J. Bear},
  title =	 {Dynamics of Fluids in Porous Media},
  publisher =	 {Elsevier},
  year =	 1972,
}

@article{behn09,
  author =	 {Behn, Mark D and Hirth, Greg and Elsenbeck, James R},
  title =	 {{Implications of grain size evolution on the seismic
                  structure of the oceanic upper mantle}},
  journal =	 EPSL,
  year =	 2009,
  volume =	 282,
  number =	 {1-4},
  pages =	 {178--189},
}

@Article{bercovici01a,
  author =	 {D. Bercovici and Y. Ricard and G. Schubert},
  journal =	 JGR,
  title =	 {A two-phase model for compaction and damage
                  1. {G}eneral Theory},
  pages =	 {8887--8906},
  volume =	 106,
  year =	 2001,
}

@Article{bercovici03,
  author =	 {D. Bercovici and Y. Ricard},
  journal =	 GJI,
  title =	 {Energetics of a two-phase model of lithospheric
                  damage, shear localization and plate-boundary
                  formation},
  pages =	 {581--596},
  volume =	 152,
  year =	 2003,
}

@article{blankenbach_benchmark_1989,
	title = {A benchmark comparison for mantle convection codes},
	volume = {98},
	issn = {{0956540X}},
	url = {http://onlinelibrary.wiley.com.ezproxy.cul.columbia.edu/doi/10.1111/j.1365-246X.1989.tb05511.x/abstract},
	doi = {10.1111/j.1365-246X.1989.tb05511.x},
	number = {1},
	journal = {Geophysical Journal International},
	author = {Blankenbach, B. and Busse, F. and Christensen, U. and Cserepes, L. and Gunkel, D. and Hansen, U. and Harder, H. and Jarvis, G. and Koch, M. and Marquart, G. and Moore, D. and Olson, P. and Schmeling, H. and Schnaubelt, T.},
	month = jul,
	year = {1989},
	pages = {23--38}
}

@Article{bouhifd07,
  author =	 {M.A. Bouhifd and P. Besson and P. Courtial and
                  C. Gerardin and A. Navrotsky and P. Richet},
  journal =	 CMP,
  title =	 {Thermochemistry and melting properties of basalt},
  pages =	 {689--698},
  volume =	 153,
  year =	 2007,
  doi =		 {10.1007/s00410-006-0170-8},
}

@Article{bown94,
  author =	 {J.W. Bown and R.S. White},
  journal =	 EPSL,
  title =	 {Variation with spreading rate of oceanic crustal
                  thickness and geochemistry},
  pages =	 {435--449},
  volume =	 121,
  year =	 1994
}

@article{braun02,
  author =	 {Braun, MG and Kelemen, Peter B},
  title =	 {{Dunite distribution in the Oman ophiolite:
                  Implications for melt flux through porous dunite
                  conduits}},
  journal =	 {Geochemistry Geophysics Geosystems},
  year =	 2002,
  volume =	 3,
  pages =	 8603,
  doi =		 {10.1029/2001GC000289}
}

@article{buck89,
  author =	 {Buck, W.R. and Su, W.S.},
  title =	 {Focused mantle upwelling below mid-ocean ridges due
                  to feedback between viscosity and melting},
  journal =	 GRL,
  year =	 1989,
  volume =	 16,
  number =	 7,
  pages =	 {641--644}
}

@Article{butler08,
  author =	 {S. Butler},
  title =	 {The effects of buoyancy on shear-induced melt bands
                  in a compacting porous medium},
  journal =	 PEPI,
  year =	 2008,
  note =	 {In revision.}
}

@Article{cagnioncle07,
  author =	 {A.-M. Cagnioncle and E.M. Parmentier and
                  L.T. {Elkins-Tanton}},
  journal =	 JGR,
  title =	 {Effect of solid flow above a subducting slab on
                  water distribution and melting at convergent plate
                  boundaries},
  volume =	 112,
  year =	 2007,
  doi =		 {10.1029/2007JB004934},
}

@Article{carbotte04,
  author =	 {S.M. Carbotte and C. Small and K. Donnelly},
  title =	 {The influence of ridge migration on the magmatic
                  segmentation of mid-ocean ridges},
  journal =	 {Nature},
  year =	 2004,
  volume =	 429,
  pages =	 {743--746},
}

@Article{cheadle04,
  author =	 {M.J. Cheadle and M.T. Elliott and D. McKenzie},
  journal =	 {Geology},
  title =	 {Percolation threshold and permeability of
                  crystallizing igneous rocks: The importance of
                  textural equilibrium},
  pages =	 {757--760},
  volume =	 32,
  year =	 2004
}

@Article{choblet01,
  author =	 {G. Choblet and E.M. Parmentier},
  journal =	 EPSL,
  title =	 {Mantle upwelling and melting beneath slow spreading
                  centers: effects of variable rheology and melt
                  productivity},
  pages =	 {589--604},
  volume =	 184,
  year =	 2001,
}

@Article{cooper90,
  author =	 {R.F. Cooper},
  journal =	 JGR,
  title =	 {Differential stress-induced melt migration - an
                  experimental approach},
  number =	 {B5},
  pages =	 {6979--6992},
  volume =	 95,
  year =	 1990,
}

@Article{cordery92,
  author =	 {M.J. Cordery and J. {Phipps Morgan}},
  journal =	 EPSL,
  title =	 {Melting and mantle flow beneath a midocean spreading
                  center},
  number =	 {2-4},
  pages =	 {493--516},
  volume =	 111,
  year =	 1992,
}

@Article{cordery93,
  author =	 {M.J. Cordery and J. {Phipps Morgan}},
  journal =	 JGR,
  title =	 {Convection and melting at midocean ridges},
  number =	 {B11},
  pages =	 {19477--19503},
  volume =	 98,
  year =	 1993,
}

@Article{daines97,
  author =	 {M.J. Daines and D.L. Kohlstedt},
  journal =	 JGR,
  title =	 {Influence of deformation on melt topology in
                  peridotites},
  pages =	 {10257--10271},
  volume =	 102,
  year =	 1997
}

@article{davaille03,
  author =	 {Davaille, A and Le Bars, M and Carbonne, C},
  title =	 {{Thermal convection in a heterogeneous mantle}},
  journal =	 {Comptes Rendus Geosciences},
  year =	 2003,
  volume =	 335,
  pages =	 {141--156}
}

@article{davies09,
  author =	 {Davies, G F},
  title =	 {{Reconciling the geophysical and geochemical
                  mantles: Plume flows, heterogeneities, and
                  disequilibrium}},
  journal =	 G3,
  year =	 2009,
  volume =	 10,
  number =	 10,
}

@article{dehoog82,
  title =	 {{An improved method for numerical inversion of
                  Laplace transforms}},
  author =	 {de~Hoog, FR and Knight, JH and Stokes, AN},
  journal =	 SIAMComput,
  volume =	 3,
  pages =	 357,
  year =	 1982
}

@Book{denbigh81,
  author =	 {K.G. Denbigh},
  title =	 {The Principles of Chemical Equilibrium},
  publisher =	 {Cambridge University Press},
  year =	 1981,
  edition =	 {4th},
}

@article{donnelly04,
  author =	 {Donnelly, Kathleen E and Goldstein, Steven L and
                  Langmuir, Charles H and Spiegelman, Marc},
  title =	 {{Origin of enriched ocean ridge basalts and
                  implications for mantle dynamics}},
  journal =	 EPSL,
  year =	 2004,
  volume =	 226,
  number =	 {3-4},
  pages =	 {347--366},
  doi =		 {10.1016/j.epsl.2004.07.019}
}

@InCollection{elliott03,
  author =	 {Elliott, T. and Spiegelman, M.},
  title =	 {Melt migration in oceanic crustal production: a
                  {U}-series perspective},
  booktitle =	 {The Crust},
  pages =	 {465--510},
  publisher =	 {Elsevier-Pergamon},
  year =	 2003,
  editor =	 {R.L. Rudnick, H.D. Holland and K.K. Turekian},
  volume =	 3,
  series =	 {Treatise on geochemistry},
}

@Article{faul01,
  author =	 {U.H. Faul},
  journal =	 {Nature},
  title =	 {Melt retention and segregation beneath mid-ocean
                  ridges},
  pages =	 {920--923},
  volume =	 410,
  year =	 2001,
}
@Article{faul94,
  author =	 {U.H. Faul and D.R. Toomey and H.S. Waff},
  journal =	 GRL,
  title =	 {Intergranular basaltic melt is distributed in thin,
                  elongated inclusions},
  pages =	 {29--32},
  volume =	 21,
  year =	 1994,
}
@Article{faul97,
  author =	 {U.H. Faul},
  journal =	 JGR,
  title =	 {Permeability of partially molten upper mantle rocks
                  from experiments and percolation theory},
  pages =	 {10299--10311},
  volume =	 102,
  year =	 1997,
  month =	 {Jan}
}

@Article{forsyth98,
  author =	 {D.W. Forsyth and D.S. Scheirer and S.C. Webb and
                  L.M. Dorman and J.A. Orcutt and A.J. Harding and
                  D.K. Blackman and J.P. Morgan and R.S. Detrick and
                  Y. Shen and C.J. Wolfe and J.P. Canales and
                  D.R. Toomey and A.F. Sheehan and S.C. Solomon and
                  W.S.D. Wilcock},
  journal =	 {Science},
  title =	 {Imaging the deep seismic structure beneath a
                  mid-ocean ridge: The MELT experiment},
  pages =	 {1215--1218},
  volume =	 280,
  year =	 1998,
}

@Article{fowler85,
  author =	 {A. Fowler},
  title =	 {A mathematical model of magma transport in the
                  asthenosphere},
  journal =	 GAFD,
  year =	 1985,
  volume =	 33,
  pages =	 {63--96},
}

@article{ghiorso94,
  author =	 {M. Ghiorso},
  journal =	 GCA,
  title =	 {Algorithms for the estimation of phase stability in
                  heterogeneous thermodynamic systems},
  number =	 24,
  pages =	 {5489--5501},
  volume =	 58,
  year =	 1994
}

@Article{ghiorso95,
  author =	 {M.S. Ghiorso and R.O. Sack},
  journal =	 CMP,
  title =	 {Chemical mass-transfer in magmatic processes. 4. A
                  revised and internally consistent thermodynamic
                  model for the interpolation and extrapolation of
                  liquid-solid equilibria in magmatic systems at
                  elevated temperature and pressure},
  pages =	 {197--212},
  volume =	 119,
  year =	 1995
}

@Article{ghods00,
  author =	 {A. Ghods and J. Arkani-Hamed},
  journal =	 GJI,
  title =	 {Melt migration beneath mid-ocean ridges},
  pages =	 {687--697},
  volume =	 140,
  year =	 2000,
}

@Article{grove06,
  author =	 {T.L. Grove and N. Chatterjee and S.W. Parman and
                  E. Medard},
  journal =	 EPSL,
  title =	 {The influence of {H}$_2${O} on mantle wedge melting},
  pages =	 {74--89},
  volume =	 249,
  year =	 2006,
  doi =		 {10.1016/j.epsl.2006.06.043},
}

@article{gurnis86,
  author =	 {Gurnis, M},
  title =	 {{Quantitative bounds on the size spectrum of
                  isotopic heterogeneity within the mantle}},
  journal =	 {Nature},
  year =	 1986,
  volume =	 323,
  number =	 6086,
  pages =	 {317--320}
}

@Article{hall00,
  author =	 {C.E. Hall and E.M. Parmentier},
  title =	 {Spontaneous melt localization in a deforming solid
                  with viscosity variations due to water weakening},
  journal =	 GRL,
  year =	 2000,
  volume =	 27,
  number =	 1,
  pages =	 {9--12},
}

@Article{heirmajumder06,
  author =	 {S. {Hier-M}ajumder and Y. Ricard and D. Bercovici},
  journal =	 EPSL,
  title =	 {Role of grain boundaries in magma migration and
                  storage},
  pages =	 {735--749},
  volume =	 248,
  year =	 2006,
  doi =		 {10.1016/j.epsl.2006.06.015},
}

@article{helffrich01,
  author =	 {Helffrich, George R and Wood, Bernard J},
  title =	 {{The Earth's mantle}},
  journal =	 {Nature},
  year =	 2001,
  volume =	 412,
  number =	 6846,
  pages =	 {501--507},
}

@article{helffrich06,
  author =	 {Helffrich, G},
  title =	 {{Heterogeneity in the mantle---its creation,
                  evolution and destruction}},
  journal =	 Tect,
  year =	 2006,
  volume =	 416,
  number =	 {1-4},
  pages =	 {23--31},
  doi =		 {10.1016/j.tecto.2005.11.012}
}

@Article{hewitt08,
  author =	 {I.J. Hewitt and A.C. Fowler},
  title =	 {Partial melting in an upwelling mantle column},
  journal =	 PhilTrans,
  year =	 2008,
  doi =		 {doi:10.1098/rspa.2008.0045}
}

@article{hewitt10,
  author =	 {Hewitt, I J},
  title =	 {{Modelling melting rates in upwelling mantle}},
  journal =	 EPSL,
  year =	 2010,
  volume =	 300,
  pages =	 {264--274},
  doi =		 {10.1016/j.epsl.2010.10.010}
}

@article{hirschmann96,
  author =	 {Hirschmann, M M and Stolper, E M},
  title =	 {{A possible role for garnet pyroxenite in the origin
                  of the ``garnet signature'' in MORB}},
  journal =	 CMP,
  year =	 1996,
  volume =	 124,
  number =	 2,
  pages =	 {185--208},
}

@InCollection{hirth03,
  author =	 {G. Hirth and D. Kohlstedt},
  title =	 {Rheology of the Upper Mantle and the Mantle Wedge: A
                  View from the Experimentalists},
  booktitle =	 {Inside the Subduction Factory},
  publisher =	 AGU,
  year =	 2003,
  editor =	 {J. Eiler},
  series =	 {AGU Geophysical Monograph},
  volume =	 138,
  pages =	 {83--105},
}

@article{hoffman85,
  author =	 {N. R. A. Hoffman and D. McKenzie},
  title =	 {{The destruction of geochemical heterogeneities by
                  differential fluid motions during mantle
                  convection}},
  journal =	 {Geophys. J. R. Astr. Soc. },
  year =	 1985,
  volume =	 82,
  pages =	 {163-206},
  doi =		 {10.1111/j.1365-246X.1985.tb05134.x}
}

@article{hofmann78,
  author =	 {Hofmann, AW and Hart, SR},
  title =	 {{An assessment of local and regional isotopic
                  equilibrium in the mantle}},
  journal =	 EPSL,
  year =	 1978,
  volume =	 38,
  pages =	 {44--62}
}

@article{hofmann82,
  title =	 {{Mantle plumes from ancient oceanic crust}},
  author =	 {Hofmann, A.W. and White, W.M.},
  journal =	 EPSL,
  volume =	 57,
  number =	 2,
  pages =	 {421--436},
  year =	 1982,
  doi =		 {10.1016/0012-821X(82)90161-3}
}

@article{hofmann97,
  author =	 {Hofmann, A.W.},
  title =	 {{Mantle geochemistry: the message from oceanic
                  volcanism}},
  journal =	 {Nature},
  year =	 1997,
  volume =	 385,
  number =	 6613,
  pages =	 219,
}

@Unpublished{hollenbeck98,
  author =	 {Hollenbeck, KJ},
  title =	 {{INVLAP.M: A matlab function for numerical inversion
                  of Laplace transforms by the de Hoog algorithm}},
  url =		 {http://www.isva.dtu.dk/staff/karl/invlap.htm},
  year =	 1998,
}

@article{holtzman03,
  Author =	 {B.K. Holtzman and N.J. Groebner and M.E. Zimmerman
                  and S.B. Ginsberg and D.L. Kohlstedt},
  Title =	 {Stress-driven melt segregation in partially molten
                  rocks},
  Journal =	 G3,
  Note =	 {Art. No. 8607},
  Volume =	 4,
  Year =	 2003
}

@Article{holtzman07,
  author =	 {B.K. Holtzman and D.L. Kohlstedt},
  journal =	 JPet,
  title =	 {Stress-driven melt segregation and strain
                  partitioning in partially molten rocks: Effects of
                  stress and strain},
  pages =	 {2379--2406},
  volume =	 48,
  year =	 2007,
  doi =		 {10.1093/petrology/egm065},
}

@article{ito05a,
  author =	 {Ito, G and Mahoney, JJ},
  title =	 {{Flow and melting of a heterogeneous mantle:
                  1. Method and importance to the geochemistry of
                  ocean island and mid-ocean ridge basalts}},
  journal =	 EPSL,
  year =	 2005,
  volume =	 230,
  number =	 {1-2},
  pages =	 {29--46},
  doi =		 {10.1016/j.epsl.2004.10.035}
}

@article{ito05b,
  author =	 {Ito, G and Mahoney, JJ},
  title =	 {{Flow and melting of a heterogeneous mantle:
                  2. Implications for a chemically nonlayered mantle}},
  journal =	 EPSL,
  year =	 2005,
  volume =	 230,
  number =	 {1-2},
  pages =	 {47--63},
  doi =		 {10.1016/j.epsl.2004.10.034}
}

@Article{jull02,
  author =	 {M. Jull and P.B. Kelemen and K. Sims},
  journal =	 GCA,
  title =	 {Consequences of diffuse and channelled porous melt
                  migration on uranium series disequilibria},
  pages =	 {4133--4148},
  volume =	 66,
  year =	 2002
}

@Article{karato93,
  author =	 {S. Karato and P. Wu},
  journal =	 {Science},
  title =	 {Rheology of the Upper Mantle - a Synthesis},
  pages =	 {771--778},
  volume =	 260,
  year =	 1993
}

@Article{katz03,
  author =	 {R.F. Katz and M. Spiegelman and C. Langmuir},
  title =	 {A new parameterization of hydrous mantle melting},
  journal =	 G3,
  year =	 2003,
  volume =	 4,
  number =	 9,
}

@Article{katz04,
  author =	 {R.F. Katz and M. Spiegelman and S.M. Carbotte},
  title =	 {Ridge migration, asthenospheric flow and the origin
                  of magmatic segmentation in the global mid-ocean
                  ridge system},
  journal =	 GRL,
  year =	 2004,
  volume =	 31,
  pages =	 {L15605},
}

@PhdThesis{katz05,
  author =	 {R.F. Katz},
  title =	 {The deep roots of volcanoes: models of magma
                  dynamics with applications to subduction zones},
  school =	 {Columbia University},
  year =	 2005
}

@Article{katz06,
  author =	 {R.F. Katz and M. Spiegelman and B. Holtzman},
  journal =	 {Nature},
  title =	 {The dynamics of melt and shear localization in
                  partially molten aggregates},
  pages =	 {676--679},
  volume =	 442,
  year =	 2006,
  doi =		 {10.1038/nature05039},
}

@Article{katz07,
  author =	 {R.F. Katz and M.G. Knepley and B. Smith and
                  M. Spiegelman and E.T. Coon},
  journal =	 PEPI,
  title =	 {Numerical simulation of geodynamic processes with
                  the {P}ortable {E}xtensible {T}oolkit for
                  {S}cientific {C}omputation},
  pages =	 {52--68},
  volume =	 163,
  year =	 2007,
  doi =		 {10.1016/j.pepi.2007.04.016},
}

@Article{katz08,
  author =     {R.F. Katz},
  title =      {Magma dynamics with the Enthalpy Method: Benchmark 
                solutions and magmatic focusing at mid-ocean ridges},
  journal =    {J.\ Petrology},
  year =       {2008},
  volume =     {49},
  pages =      {2099--2121},
  doi =        {10.1093/petrology/egn058}
}

@Article{katz10,
  author =	 {R.F. Katz},
  title =	 {Porosity-driven convection and asymmetry beneath
                  mid-ocean ridges},
  journal =	 {Geochem.\ Geophys.\ Geosys.},
  volume =	 10,
  number =	 {Q0AC07},
  year =	 2010,
  doi =		 {10.1029/2010GC003282},
}

@Article{katz11,
  author =	 {R.F. Katz and J.F. Rudge},
  title =	 {The energetics of melting a heterogeneous mantle},
  journal =	 EPSL,
  year =	 2011,
  note =	 {Sub judice},
}

@Article{katz11ip,
  author = 	 {RF Katz and SM Weatherley},
  title = 	 {Magma dynamics in a heterogeneous mantle beneath mid-ocean ridges},
  journal = 	 {},
  year = 	 {2011},
  OPTvolume = 	 {},
  OPTnumber = 	 {},
  OPTpages = 	 {},
  note = 	 {in prep.},
}

@article{kelemen02,
  author =	 {Kelemen, P. and Parmentier, M. and Rilling, J. and
                  Mehl, L. and Hacker, B.},
  title =	 {Thermal convection of the mantle wedge},
  journal =	 GCA,
  year =	 2002,
  volume =	 66,
  number =	 {15A},
  pages =	 {A389--A389}
}

@article{kelemen92,
  author =	 {Kelemen, Peter B and Dick, HJB and Quick, JE},
  title =	 {{Formation of hartzburgite by pervasive melt rock
                  reaction in the upper mantle}},
  journal =	 {Nature},
  year =	 1992,
  volume =	 358,
  number =	 6388,
  pages =	 {635--641},
}

@Article{kelemen95,
  author =	 {P.B. Kelemen and N. Shimizu and V.J.M. Salters},
  journal =	 {Nature},
  title =	 {Extraction of mid-ocean-ridge basalt from the
                  upwelling mantle by focused flow of melt in dunnite
                  channels},
  number =	 6534,
  pages =	 {747--753},
  volume =	 375,
  year =	 1995,
}

@article{kelemen97,
  author =	 {Kelemen, P.B. and Hirth, G. and Shimizu, N. and
                  Spiegelman, M. and Dick, H.J.B.},
  title =	 {A review of melt migration processes in the
                  adiabatically upwelling mantle beneath oceanic
                  spreading ridges},
  journal =	 PhilTrans,
  year =	 1997,
  volume =	 355,
  number =	 1723,
  pages =	 {283--318}
}

@article{kogiso04,
  author =	 {Kogiso, T and Hirschmann, MM and Reiners, PW},
  title =	 {{Length scales of mantle heterogeneities and their
                  relationship to ocean island basalt geochemistry}},
  journal =	 GCA,
  year =	 2004,
  volume =	 68,
  number =	 2,
  pages =	 {345--360}
}

@article{lambart09,
  author =	 {Lambart, Sarah and Laporte, Didier and Schiano,
                  Pierre},
  title =	 {{An experimental study of pyroxenite partial melts
                  at 1 and 1.5 GPa: Implications for the major-element
                  composition of Mid-Ocean Ridge Basalts}},
  journal =	 EPSL,
  year =	 2009,
  volume =	 288,
  number =	 {1-2},
  pages =	 {335--347},
}

@InCollection{langmuir92,
  author =	 {Langmuir, C.H. and Klein, E. and Plank, T.},
  title =	 {Petrological systematics of mid-oceanic ridge
                  basalts: constraints on melt generation beneath
                  ocean ridges},
  booktitle =	 {Mantle flow and melt generation at mid-ocean ridges},
  publisher =	 AGU,
  year =	 1992,
  editor =	 {Phipps~Morgan, J. and D.K. Blackman and J.M. Sinton},
  volume =	 71,
  series =	 {Geophysical Monograph},
  pages =	 {183-280}
}

@article{liang10,
  author =	 {Liang, Y and Schiemenz, A and Hesse, M A and
                  Parmentier, E M and Hesthaven, J S},
  title =	 {{High-porosity channels for melt migration in the
                  mantle: Top is the dunite and bottom is the
                  harzburgite and lherzolite}},
  journal =	 GRL,
  year =	 2010,
  volume =	 37,
  number =	 15,
  pages =	 {L15306},
  doi =		 {10.1029/2010GL044162}
}

@Article{maclennan02,
  author =	 {J. Maclennan and M. Jull and D. McKenzie and
                  L. Slater and K. Gr\"{o}nvold},
  journal =	 G3,
  title =	 {The link between volcanism and deglaciation in
                  {I}celand},
  pages =	 1062,
  volume =	 3,
  year =	 2002,
  doi =		 {10.1029/2001GC000282},
}

@Article{maclennan08,
  author =	 {J. Maclennan},
  title =	 {Concurrent mixing and cooling of melts under
                  {I}celand},
  journal =	 JPet,
  year =	 2008,
  note =	 {In press},
  doi =		 {10.1093/petrology/egn052}
}

@Article{magde97,
  author =	 {L.S. Magde and D.W. Sparks},
  journal =	 JGR,
  title =	 {Three-dimensional mantle upwelling, melt generation,
                  and melt migration beneath segment slow spreading
                  ridges},
  pages =	 {20571--20583},
  volume =	 102,
  year =	 1997
}

@article{mckenzie84,
  author =	 {Mc{K}enzie, D.},
  title =	 {The generation and compaction of partially molten
                  rock},
  journal =	 JPet,
  year =	 1984,
  volume =	 25,
  number =	 3,
  pages =	 {713--765}
}

@article{mckenzie85,
  author =	 {D. McKenzie},
  journal =	 EPSL,
  title =	 {230{Th}--238{U} disequilibrium and the melting
                  processes beneath ridge axes},
  number =	 {2-3},
  pages =	 {149--157},
  volume =	 72,
  year =	 1985,
  doi =		 {10.1016/0012-821X(85)90001-9}
}

@article{montesi10,
  author =	 {Hebert, Laura B and Mont{\'e}si, Laurent G J},
  title =	 {{Generation of permeability barriers during melt
                  extraction at mid-ocean ridges}},
  journal =	 G3,
  year =	 2010,
  volume =	 11,
  number =	 12,
  pages =	 {Q12008},
  doi =		 {10.1029/2010GC003270}
}

@Article{oertling04,
  author =	 {A.B. Oertling and R.G. Watts},
  journal =	 {Journal of Geophysical Research--Oceans},
  title =	 {Growth of and brine drainage from {NaCl}-{H$_2$O}
                  freezing: {A} simulation of young sea ice},
  volume =	 109,
  year =	 2004,
  doi =		 {10.1029/2001JC001109},
}

@article{oliver08,
  title =	 {Analytical solution for heat conduction near an
                  encapsulated sphere with heat generation},
  author =	 {Oliver, D.L.},
  journal =	 Heat,
  volume =	 130,
  pages =	 024502,
  year =	 2008
}

@article{pertermann03a,
  title =	 {{Partial melting experiments on a MORB-like
                  pyroxenite between 2 and 3 GPa: Constraints on the
                  presence of pyroxenite in basalt source regions from
                  solidus location and melting rate}},
  author =	 {Pertermann, M. and Hirschmann, M.M.},
  journal =	 JGR,
  volume =	 108,
  number =	 {B2},
  pages =	 2125,
  year =	 2003,
}

@article{pertermann03b,
  author =	 {Pertermann, M and Hirschmann, MM},
  title =	 {{Anhydrous partial melting experiments on MORB-like
                  eclogite: Phase relations, phase compositions and
                  mineral-melt partitioning of major elements at 2-3
                  GPa}},
  journal =	 JPet,
  year =	 2003,
  volume =	 44,
  number =	 12,
  pages =	 {2173--2201},
}

@InProceedings{petsc-efficient,
  Author =	 "S Balay and W D Gropp and L C McInnes and B F Smith",
  Title =	 "Efficient Management of Parallelism in Object
                  Oriented Numerical Software Libraries",
  Booktitle =	 "Modern Software Tools in Scientific Computing",
  Editor =	 "E. Arge and A. M. Bruaset and H. P. Langtangen",
  Pages =	 "163--202",
  Publisher =	 "Birkh{\"{a}}user Press",
  Year =	 1997
}

@TechReport{petsc-user-ref,
  Author =	 "S Balay and J Brown and K Buschelman and V Eijkhout
                  and W D Gropp and D Kaushik and M G Knepley and L C
                  McInnes and B F Smith and H Zhang",
  Title =	 "{PETS}c Users Manual",
  Number =	 "ANL-95/11 - Revision 3.1",
  Institution =	 "Argonne National Laboratory",
  Year =	 2010
}

@Misc{petsc-web-page,
  Author =	 "S Balay and J Brown and K Buschelman and W D Gropp
                  and D Kaushik and M G Knepley and L C McInnes and B
                  F Smith and H Zhang",
  Title =	 "{PETSc} {W}eb page",
  url =		 "http://www.mcs.anl.gov/petsc",
  Year =	 2011
}

@article{phippsmorgan01,
  title =	 {{Thermodynamics of pressure release melting of a
                  veined plum pudding mantle}},
  author =	 {Phipps~Morgan, J.},
  journal =	 G3,
  volume =	 2,
  year =	 2001
}

@article{phippsmorgan87,
  author =	 {J. Phipps~Morgan},
  journal =	 GRL,
  title =	 {Melt migration beneath mid-ocean spreading centers},
  number =	 12,
  pages =	 {1238---1241},
  volume =	 14,
  year =	 1987
}

@Article{rabinowicz04,
  author =	 {M. Rabinowicz and J.L. Vigneresse},
  journal =	 JGR,
  title =	 {Melt segregation under compaction and shear
                  channeling: Application to granitic magma
                  segregation in a continental crust},
  pages =	 {B04407},
  volume =	 109,
  year =	 2004,
  doi =		 {10.1029/2002JB002372},
}

@Article{rabinowicz05,
  author =	 {M. Rabinowicz and G. Ceuleneer},
  journal =	 EPSL,
  title =	 {The effect of sloped isotherms on melt migration in
                  the shallow mantle: a physical and numerical model
                  based on observations in the Oman ophiolite},
  pages =	 {231--246},
  volume =	 229,
  year =	 2005,
}

@Article{rabinowicz84,
  author =	 {M. Rabinowicz and A. Nicolas and J.L. Vigneresse},
  journal =	 EPSL,
  title =	 {A rolling-mill effect in the asthenosphere beneath
                  oceanic spreading centers},
  pages =	 {97--108},
  volume =	 67,
  year =	 1984
}

@Article{ramberg71,
  author =	 {H. Ramberg},
  journal =	 {Nature},
  title =	 {Temperature changes associated with Adiabatic
                  Decompression in Geological Processes},
  pages =	 {539--540},
  volume =	 234,
  year =	 1971,
}

@Article{ribe85a,
  Author =	 {N.M. Ribe},
  Journal =	 EPSL,
  Title =	 {The Generation And Composition Of Partial Melts In
                  The Earth's Mantle},
  pages =	 {361--376},
  volume =	 73,
  year =	 1985
}

@Article{ribe85b,
  author =	 {N.M. Ribe},
  journal =	 GJRAS,
  title =	 {The Deformation And Compaction Of Partial Molten
                  Zones},
  pages =	 {487--501},
  volume =	 83,
  year =	 1985
}

@article{richardson98,
  author =	 "C.N. Richardson",
  title =	 "Melt flow in a variable viscosity matrix",
  journal =	 GRL,
  year =	 1998,
  volume =	 25,
  number =	 7,
  pages =	 "1099--1102"
}

@Article{riley91,
  author =	 {GN Riley and DL Kohlstedt},
  journal =	 EPSL,
  title =	 {Kinetics of Melt Migration in Upper Mantle-Type
                  Rocks},
  pages =	 {500--521},
  volume =	 105,
  year =	 1991,
}

@Article{saal04,
  author =	 {A.E. Saal and J.A. van~Orman},
  journal =	 G3,
  title =	 {The {Ra-226} enrichment in oceanic basalts: Evidence
                  for melt-cumulate diffusive interaction processes
                  within the oceanic lithosphere},
  pages =	 {Q02008},
  volume =	 5,
  year =	 2004,
  doi =		 {10.1029/2003GC000620},
}

@article{schiemenz11,
  author =	 {Schiemenz, Alan and Liang, Yan and Parmentier, E M},
  title =	 {{A high-order numerical study of reactive
                  dissolution in an upwelling heterogeneous
                  mantle-I. Channelization, channel lithology and
                  channel geometry}},
  journal =	 GJI,
  year =	 2011,
  pages =	 {1--24},
  doi =		 {10.1111/j.1365-246X.2011.05065.x}
}

@InCollection{schmelling00,
  author =	 {H. Schmelling},
  title =	 {Partial melting and melt segregation in a convecting
                  mantle},
  booktitle =	 {Physics and Chemistry of Partially Molten Rocks},
  pages =	 {141--178},
  publisher =	 {Kluwer Academic Publisher},
  year =	 2000,
  editor =	 {N. Bagdassarov and D. Laporte and A.B. Thompson},
}

@Book{schubert01,
  author =	 {G. Schubert and D.L. Turcotte and P. Olsen},
  title =	 {Mantle convection in the Earth and Planets},
  publisher =	 {Cambridge University Press},
  year =	 2001,
}

@article{scott86,
  author =	 {Scott, D.R. and Stevenson, D.J.},
  title =	 {Magma ascent by porous flow},
  journal =	 JGR,
  volume =	 91,
  pages =	 {9283-9296},
  year =	 1986
}

@Article{scott89,
  author =	 {D.R. Scott and D.J. Stevenson},
  journal =	 JGR,
  title =	 {A self-consistent model of melting, magma migration
                  and buoyancy-driven circulation beneath mid-ocean
                  ridges},
  pages =	 {2973--2988},
  volume =	 94,
  year =	 1989,
}

@PhdThesis{simpson08,
  author =	 {G. Simpson},
  title =	 {The Mathematics of Magma Migration},
  school =	 {Columbia University},
  year =	 2008,
}
@article{simpson_solitary_2011,
	title = {Solitary Wave Benchmarks in Magma Dynamics},
	issn = {0885-7474},
	doi = {10.1007/s10915-011-9461-y},
	journal = {Journal of Scientific Computing},
	author = {G. Simpson and M. Spiegelman},
	year = {2011}
}

@Article{sims02,
  author =	 {K.W.W. Sims and S.J. Goldstein and J. Blichert-Toft
                  and M.R. Perfit and P. Kelemen and D.J. Fornari and
                  P. Michael and M.T. Murrell and S.R. Hart and
                  D.J. DePaolo and G. Layne and L. Ball and M. Jull
                  and J. Bender},
  journal =	 GCA,
  title =	 {Chemical and isotopic constraints on the generation
                  and transport of magma beneath the East Pacific
                  Rise},
  pages =	 {3481--3504},
  volume =	 66,
  year =	 2002
}

@article{sleep84,
  title =	 {Tapping of Magmas from Ubiquitous Mantle
                  Heterogeneities},
  author =	 {Sleep, N.H.},
  journal =	 JGR,
  volume =	 89,
  number =	 {B12},
  pages =	 {10--29},
  year =	 1984
}

@article{sobolev07,
  author =	 {Sobolev, A.V. and Hofmann, A.W. and Kuzmin, D.V. and
                  Yaxley, G.M. and Arndt, N.T. and Chung, S.-L. and
                  Danyushevsky, L.V. and Elliott, T. and Frey, F.
                  A. and Garcia, M.O. and Gurenko, A.A. and
                  Kamenetsky, V.S. and Kerr, A.C. and Krivolutskaya,
                  N.A. and Matvienkov, V.V. and Nikogosian, I.K. and
                  Rocholl, A. and Sigurdsson, I. A. and Sushchevskaya,
                  N.M. and Teklay, M.},
  title =	 {{The amount of recycled crust in sources of
                  mantle-derived melts}},
  journal =	 {Science},
  year =	 2007,
  volume =	 316,
  number =	 5823,
  pages =	 {412--417},
  doi =		 {10.1126/science.1138113}
}

@Article{sparks91,
  author =	 {D.W. Sparks and E.M. Parmentier},
  title =	 {Melt Extraction From The Mantle Beneath Spreading
                  Centers},
  journal =	 EPSL,
  year =	 1991,
  volume =	 105,
  number =	 4,
  pages =	 {368--377},
}

@article{spiegelman01,
  author =	 {Spiegelman, M. and Kelemen, P.B. and Aharonov, E.},
  title =	 {Causes and consequences of flow organization during
                  melt transport: the reaction infiltration
                  instability in compactible media},
  journal =	 JGR,
  year =	 2001,
  volume =	 106,
  number =	 {B2},
  pages =	 {2061--2077}
}

@article{spiegelman03a,
  author =	 {Spiegelman, M. and Kelemen, P.B.},
  title =	 {Extreme chemical variability as a consequence of
                  channelized melt transport},
  journal =	 G3,
  year =	 2003,
  volume =	 4,
  doi =		 {10.1029/2002GC000336}
}

@Article{spiegelman03b,
  author =	 {M. Spiegelman},
  journal =	 G3,
  title =	 {Linear analysis of melt band formation by simple
                  shear},
  volume =	 4,
  year =	 2003,
  doi =		 {10.1029/2002GC000499},
}

@article{spiegelman87,
  author =	 {Spiegelman, M. and McKenzie, D.},
  title =	 {Simple 2-{D} models for melt extraction at mid-ocean
                  ridges and island arcs},
  journal =	 EPSL,
  volume =	 83,
  pages =	 {137--152},
  year =	 1987
}

@Article{spiegelman92,
  author =	 {M. Spiegelman and P. Kenyon},
  journal =	 EPSL,
  title =	 {The requirements for chemical disequilibrium during
                  magma migration},
  number =	 {3-4},
  pages =	 {611--620},
  volume =	 109,
  year =	 1992,
  doi =		 {10.1016/0012-821X(92)90119-G},
}

@article{spiegelman93a,
  author =	 {Spiegelman, M.},
  title =	 {Flow in deformable porous-media. Part 1. {S}imple
                  analysis},
  journal =	 JFM,
  year =	 1993,
  volume =	 247,
  pages =	 {17--38}
}

@article{spiegelman93b,
  author =	 {Spiegelman, M.},
  title =	 {Flow in deformable porous media. Part 2. {Numerical}
                  analysis---{The} relationship between shock waves
                  and solitary waves},
  journal =	 JFM,
  volume =	 247,
  pages =	 {39-63},
  year =	 1993
}

@Article{spiegelman93c,
  author =	 {M. Spiegelman},
  title =	 {Physics of melt extraction: theory, implications,
                  and applications},
  journal =	 PhilTrans,
  year =	 1993,
  volume =	 342,
  pages =	 {23--41},
}

@Article{spiegelman93d,
  author =	 {M. Spiegelman and T. Elliott},
  title =	 {Consequences of Melt Transport for Uranium Series
                  Disequilibrium in Young Lavas},
  journal =	 EPSL,
  pages =	 {1--20},
  volume =	 118,
  year =	 1993
}

@Article{spiegelman96,
  author =	 {M. Spiegelman},
  journal =	 EPSL,
  title =	 {Geochemical consequences of melt transport in 2-D:
                  The sensitivity of trace elements to mantle
                  dynamics},
  pages =	 {115--132},
  volume =	 139,
  year =	 1996
}

@Article{spiegelman99,
  author =	 {M. Spiegelman and J.R. Reynolds},
  journal =	 {Nature},
  title =	 {Combined dynamic and geochemical evidence for
                  convergent melt flow beneath the East Pacific Rise},
  pages =	 {282--285},
  volume =	 402,
  year =	 1999,
}

@Article{sramek07,
  author =	 {O. \v{S}r\'{a}mek and Y. Ricard and D. Bercovici},
  journal =	 GJI,
  title =	 {Simultaneous melting and compaction in deformable
                  two-phase media},
  pages =	 {964--982},
  volume =	 168,
  year =	 2007,
  doi =		 {10.1111/j.1365-246X.2006.03269.x},
}

@Article{stevenson89,
  author =	 {D.J. Stevenson},
  journal =	 GRL,
  title =	 {Spontaneous Small-Scale Melt Segregation In Partial
                  Melts Undergoing Deformation},
  pages =	 {1067--1070},
  volume =	 16,
  year =	 1989,
}

@Article{stevenson91,
  author =	 {D.J. Stevenson and D.R. Scott},
  journal =	 AnnRev,
  title =	 {Mechanics Of Fluid-Rock Systems},
  pages =	 {305--339},
  volume =	 23,
  year =	 1991,
}

@article{stracke03,
  author =	 {A. Stracke and A. Zindler and J. M. Salters and
                  D. McKenzie and K. Gr\"{o}nvold},
  journal =	 G3,
  title =	 {The dynamics of melting beneath {T}heistareykir,
                  northern {I}celand},
  number =	 10,
  volume =	 4,
  year =	 2003,
  doi =		 {10.1029/2002GC000347}
}

@Article{stracke06,
  author =	 {A. Stracke and B. Bourdon and D. {McK}enzie},
  journal =	 EPSL,
  title =	 {Melt extraction in the {Earth's} mantle:
                  {C}onstraints from {U-Th-Pa-Ra} studies in oceanic
                  basalts},
  pages =	 {97--112},
  volume =	 244,
  year =	 2006,
  doi =		 {10.1016/j.epsl.2006.01.057},
}

@Article{tackley00,
  author =	 {P.J. Tackley},
  title =	 {Mantle convection and Plate Tectonics: {Toward} an
                  integrated physical and chemical theory},
  journal =	 {Science},
  year =	 2000,
  volume =	 288,
  pages =	 {2002-2007}
}

@article{van_keken_comparison_1997,
	title = {A comparison of methods for the modeling of thermochemical convection},
	volume = {102},
	issn = {0148-0227},
	doi = {10.1029/97JB01353},
	journal = {Journal of Geophysical Research},
	author = {van Keken, P. E. and King, S. D. and Schmeling, H. and Christensen, U. R. and Neumeister, D. and Doin, {M.-P.}},
	year = {1997},
	pages = {22477--22495}
}

@Article{wada11,
  author = 	 {I. Wada and M.D. Behn and J. He},
  title = 	 {Grain size distribution in the mantle wedge of subduction zones},
  journal = 	 JGR,
  year = 	 {2011},
  doi =          {10.1029/2011JB008294},
  note =         {in press}
}

@Article{wark03,
  author =	 {D.A. Wark and C.A. Williams and E.B. Watson and
                  J.D. Price},
  journal =	 JGR,
  title =	 {Reassessment of pore shapes in microstructurally
                  equilibrated rocks, with implications for
                  permeability of the upper mantle},
  volume =	 108,
  year =	 2003,
  doi =		 {10.1029/2001JB001575},
}

@Article{wark98,
  author =	 {D.A. Wark and E.B. Watson},
  journal =	 EPSL,
  title =	 {Grain-scale permeabilities of texturally
                  equilibrated, monomineralic rocks},
  pages =	 {591--605},
  volume =	 164,
  year =	 1998,
}

@Article{weideman94,
  author =	 {J.A.C. Weideman},
  journal =	 {SIAM J. Numer. Anal.},
  title =	 {{Computation of the Complex Error Function}},
  pages =	 {1497-1518},
  volume =	 31,
  year =	 1994,
}

@article{willbold10,
  author =	 {Willbold, M and Stracke, A},
  title =	 {{Formation of enriched mantle components by
                  recycling of upper and lower continental crust}},
  journal =	 ChemGeol,
  year =	 2010,
  volume =	 276,
  pages =	 {188--197},
  doi =		 {10.1016/j.chemgeo.2010.06.005}
}

@article{yasuda94,
  author =	 {Yasuda, Atsushi and Fujii, Toshitsugu and Kurita,
                  Kei},
  title =	 {{Melting phase relations of an anhydrous mid-ocean
                  ridge basalt from 3 to 20 GPa: Implications for the
                  behavior of subducted oceanic crust in the mantle}},
  journal =	 JGR,
  year =	 1994,
  volume =	 99,
  number =	 {B5},
  pages =	 {9401--9414},
}

@article{yasuda98,
  author =	 {Yasuda, A and Fujii, T},
  title =	 {{Ascending subducted oceanic crust entrained within
                  mantle plumes}},
  journal =	 GRL,
  year =	 1998,
  volume =	 25,
  number =	 10,
  pages =	 {1561--1564}
}

@article{yaxley98,
  author =	 {Yaxley, GM and Green, DH},
  title =	 {{Reactions between eclogite and peridotite: mantle
                  refertilisation by subduction of oceanic crust}},
  journal =	 {Schweiz. Mineral. Petrogr. Mitt.},
  year =	 1998,
  volume =	 78,
  pages =	 {243--255}
}

@Article{zhu03,
  author =	 {W.L. Zhu and G. Hirth},
  journal =	 EPSL,
  title =	 {A network model for permeability in partially molten
                  rocks},
  pages =	 {407--416},
  volume =	 212,
  year =	 2003
}

